%
%  An example of a bibliographical database for bibTeX
%
%  Recommended software for maintenance of *.bib files:
%    JabRef, http://jabref.sourceforge.net/
%
%  BEWARE:
%
%    *  If a name contains a capital letter, which must be kept such,
%       use curly brackets ({T}hailand, {HIV}).
%
%  ===========================================================================

@ARTICLE{Delmonte2014,
	title = {{SPARSAR}: An Expressive Poetry Reader},
	author = {Delmonte, R.  and Prati, A. M.},
	booktitle = {Proceedings of the Demonstrations at the 14th Conference of the {E}uropean Chapter of the Association for Computational Linguistics},
	month = {apr},
	year = {2014},
	address = {Gothenburg, Sweden},
	publisher = {Association for Computational Linguistics},
	url = {https://www.aclweb.org/anthology/E14-2019},
	doi = {10.3115/v1/E14-2019},
	pages = {73--76},
}

@ARTICLE{Malmi2016,
	author = {Malmi, E. and Takala, P. and Toivonen, H. and Raiko, T. and Gionis, A.},
	title = {DopeLearning: A Computational Approach to Rap Lyrics Generation},
	year = {2016},
	isbn = {9781450342322},
	publisher = {Association for Computing Machinery},
	address = {New York, NY, USA},
	url = {https://doi.org/10.1145/2939672.2939679},
	doi = {10.1145/2939672.2939679},
	booktitle = {Proceedings of the 22nd ACM SIGKDD International Conference on Knowledge Discovery and Data Mining},
	pages = {195â€“204},
	numpages = {10},
	keywords = {lyrics generation, rap, deep learning, natural language processing, rankSVM, information retrieval},
	location = {San Francisco, California, USA},
	series = {KDD '16}
}

@ARTICLE{Shi2017,
	title = {{H}afez: an Interactive Poetry Generation System},
	author = {Ghazvininejad, M.  and Shi, X.  and Priyadarshi, J.  and Knight, K.},
	booktitle = {Proceedings of {ACL} 2017, System Demonstrations},
	month = {jul},
	year = {2017},
	address = {Vancouver, Canada},
	publisher = {Association for Computational Linguistics},
	url = {https://www.aclweb.org/anthology/P17-4008},
	pages = {43--48},
}

@ARTICLE{Zhang2014,
	title = {{C}hinese Poetry Generation with Recurrent Neural Networks},
	author = {Zhang, X. and Lapata, M.},
	booktitle = {Proceedings of the 2014 Conference on Empirical Methods in Natural Language Processing ({EMNLP})},
	month = {oct},
	year = {2014},
	address = {Doha, Qatar},
	publisher = {Association for Computational Linguistics},
	url = {https://www.aclweb.org/anthology/D14-1074},
	doi = {10.3115/v1/D14-1074},
	pages = {670--680},
}